@article{tsvetkova2017even,
  title={Even good bots fight: The case of Wikipedia},
  author={Tsvetkova, Milena and Garc{\'\i}a-Gavilanes, Ruth and Floridi, Luciano and Yasseri, Taha},
  journal={PLOS ONE},
  volume={12},
  number={2},
  pages={e0171774},
  year={2017},
  publisher={Public Library of Science San Francisco, CA USA}
}

@article{zheng2019roles,
  title={The Roles Bots Play in Wikipedia},
  author={Zheng, L. (Nico) and Albano, Christopher M. and Vora, Niraj M. and Mai, Feng and Nickerson, Jeffrey V.},
  journal={Proceedings of the ACM on Human-Computer Interaction},
  volume={3},
  number={CSCW},
  pages={1--20},
  year={2019},
  publisher={ACM}
}

@article{brooks2024rise,
  title={The Rise of AI-Generated Content in Wikipedia},
  author={Brooks, Creston and Eggert, Samuel and Peskoff, David},
  journal={arXiv preprint arXiv:2410.08044},
  year={2024}
}

@misc{wikipedia_stats,
  title={Wikipedia Statistics},
  author={Wikimedia Foundation},
  year={2024},
  url={https://en.wikipedia.org/wiki/Wikipedia:Statistics},
  note={Accessed: 2024-12-19}
}

@article{mediawiki_api,
  title={MediaWiki API Documentation},
  author={Wikimedia Foundation},
  year={2024},
  url={https://www.mediawiki.org/wiki/API:Main_page},
  note={Accessed: 2024-12-19}
}
